@misc{unison,
  author       = {Benjamin C. Pierce},
  title        = {Unison File Synchronizer User Manual and Reference Gudie},
  year         = {2025},
  howpublished = {\url{https://raw.githubusercontent.com/bcpierce00/unison/documentation/unison-manual.pdf}},
  note         = {Version 2.53.3},
}

@misc{ldapjs,
  author       = {{ldapjs fejlesztők}},
  title        = {LDAP Guide},
  year         = {2024},
  howpublished = {\url{https://web.archive.org/web/20240315064825/http://ldapjs.org/guide.html}},
  note         = {Hozzáférve: 2025. 05. 04.},
}

@misc{ldapWikipedia,
  author       = {{Wikipédia közreműködők}},
  title        = {Lightweight Directory Access Protocol},
  year         = {2024},
  howpublished = {\url{https://en.wikipedia.org/wiki/Lightweight_Directory_Access_Protocol}},
  note         = {Hozzáférve: 2025. 05. 04.}
}

@misc{madakorADLab,
  author       = {Josh Madakor},
  title        = {How to Setup a Basic Home Lab Running Active Directory (Oracle VirtualBox) | Add Users w/PowerShell},
  year         = {2021},
  howpublished = {\url{https://www.youtube.com/watch?v=MHsI8hJmggI}},
  note         = {YouTube videó, hozzáférve: 2025. 05. 04.}
}

@misc{pwdLastSet,
  author       = {Microsoft közreműködők},
  title        = {Pwd-Last-Set attribute},
  year         = {2020},
  howpublished = {\url{https://learn.microsoft.com/en-us/windows/win32/adschema/a-pwdlastset}},
  note         = {Hozzáférve: 2025. 05. 04.}
}
